<?xml version="1.0" encoding="UTF-8"?><collection xmlns="http://www.loc.gov/MARC21/slim"><record><leader>00623nam--2200205-i-4500</leader><controlfield tag="001">000024677</controlfield><controlfield tag="002">20161230</controlfield><controlfield tag="005">20161230201035</controlfield><controlfield tag="008">060222s1000------------r-----000-0-eng-d</controlfield><datafield ind1=" " ind2=" " tag="020"><subfield code="a">075030197X</subfield></datafield><datafield ind1=" " ind2=" " tag="040"><subfield code="a">IFIN-HH</subfield></datafield><datafield ind1=" " ind2=" " tag="080"><subfield code="a">681.757:681.3.06</subfield></datafield><datafield ind1="1" ind2=" " tag="100"><subfield code="a">Robinson, David W</subfield></datafield><datafield ind1="1" ind2="0" tag="245"><subfield code="a">Interferogram analysis</subfield><subfield code="b">Digital fringe pattern measurement techniques</subfield><subfield code="c">DAVID W.ROBINSON; GRAEME T. REID (Eds.)</subfield></datafield><datafield ind1=" " ind2=" " tag="260"><subfield code="a">PHILADELPHIA</subfield><subfield code="b">Institute Of Physics Publishing</subfield><subfield code="c">1993</subfield></datafield><datafield ind1=" " ind2=" " tag="300"><subfield code="a">XVII + 302P</subfield></datafield><datafield ind1=" " ind2="0" tag="650"><subfield code="a">Image Processing</subfield></datafield><datafield ind1="1" ind2=" " tag="700"><subfield code="a">Reid, Graeme T</subfield><subfield code="e">Ed</subfield></datafield><datafield ind1=" " ind2=" " tag="852"><subfield code="a">80807</subfield><subfield code="c">535</subfield></datafield><datafield ind1=" " ind2=" " tag="CAT"><subfield code="a">Sys</subfield><subfield code="c">20101129</subfield><subfield code="h">150423</subfield></datafield></record></collection>